% Encoding: windows-1252
% 1
@InProceedings{sculley:2015,
  title     = {{H}idden {T}echnical {D}ebt in {M}achine {L}earning {S}ystems},
  author    = {Sculley, D. and Holt, Gary and Golovin, Daniel and Davydov, Eugene and Phillips, Todd and Ebner, Dietmar and Chaudhary, Vinay and Young, Michael and Crespo, Jean-Fran{\c{c}}ois and Dennison, Dan},
  year      = {2015},
}

% 2
@InProceedings{modi:2023,
  title     = {{T}owards {M}odular {M}achine {L}earning {P}ipelines},
  author    = {Modi, Aditya and Kaur, Jivat Neet and Makar, Maggie and Mallapragada, Pavan and Sharma, Amit and K{\i}c{\i}man, Emre and Swaminathan, Adith},
  booktitle = {ICML Workshop on Localized Learning (LLW)},
  year      = {2023}
}
% 3
@Thesis{wiselka:2024,
  title       = {{D}evelopment of {M}odern {D}ata {P}latform using {M}edallion {A}rchitecture},
  author      = {Wiselka, Michal},
  year        = {2024},
  type        = {Bachelor’s Thesis},
  institution = {Haaga-Helia University of Applied Sciences},
  note        = {Degree Programme in Business Information Technology}
}
% 4
@Article{kraus:2021,
  title   = {{D}igital {T}ransformation: {A}n {O}verview of the {C}urrent {S}tate of the {A}rt of {R}esearch},
  author  = {Kraus, Sascha and Jones, Paul and Kailer, Norbert and Weinmann, Alexandra and Chaparro-Banegas, Nuria and Roig-Tierno, Norat},
  journal = {SAGE Open},
  year    = {2021},
  volume  = {11},
  number  = {3},
  doi     = {10.1177/21582440211047576}
}

% 5
@InProceedings{munappy:2020,
  title       = {{D}ata {P}ipeline {M}anagement in {P}ractice: {C}hallenges and {O}pportunities},
  author      = {Munappy, Aiswarya Raj and Bosch, Jan and Holmstr{\"o}m Olsson, Helena},
  booktitle   = {Product-Focused Software Process Improvement (PROFES 2020)},
  editor      = {Morisio, Maurizio and Torchiano, Marco and Jedlitschka, Andreas},
  series      = {Lecture Notes in Computer Science},
  volume      = {12562},
  publisher   = {Springer},
  year        = {2020},
  doi         = {10.1007/978-3-030-64148-1_11}
}

% 6
@Article{ahmed:2023,
  title   = {{H}arnessing {B}ig {D}ata {A}nalytics for {H}ealthcare: {A} {C}omprehensive {R}eview of {F}rameworks, {I}mplications, {A}pplications, and {I}mpacts},
  author  = {Ahmed, Awais and Xi, Rui and Hou, Mengshu and Shah, Syed Attique and Hameed, Sufian},
  journal = {IEEE Access},
  year    = {2023},
  volume  = {11},
  doi     = {10.1109/ACCESS.2023.3323574},
  note    = {Open Access: CC BY-NC-ND 4.0}
}
% 7
@Article{dubey:2019,
  title   = {{B}ig {D}ata {A}nalytics {C}apability in {S}upply {C}hain {A}gility: {T}he {M}oderating {E}ffect of {O}rganizational {F}lexibility},
  author  = {Dubey, Rameshwar and Gunasekaran, Angappa and Childe, Stephen J.},
  journal = {Management Decision},
  year    = {2019},
  volume  = {57},
  number  = {8},
  doi     = {10.1108/MD-01-2018-0119}
}
% 8
@Article{heaton:2017,
  title   = {{D}eep {L}earning for {F}inance: {D}eep {P}ortfolios},
  author  = {Heaton, J. B. and Polson, N. G. and Witte, J. H.},
  journal = {Applied Stochastic Models in Business and Industry},
  year    = {2017},
  volume  = {33},
  number  = {1},
  doi     = {10.1002/asmb.2209}
}

% 9
@Article{mcafee:2012,
  title   = {{B}ig {D}ata: {T}he {M}anagement {R}evolution},
  author  = {McAfee, Andrew and Brynjolfsson, Erik},
  journal = {Harvard Business Review},
  year    = {2012},
  volume  = {90},
  number  = {10},
  pages   = {60--68}
}
% 10
@Article{gupta:2016,
  title   = {{T}oward the {D}evelopment of a {B}ig {D}ata {A}nalytics {C}apability},
  author  = {Gupta, Manjul and George, Joey F.},
  journal = {Information \& Management},
  year    = {2016},
  volume  = {53},
  number  = {8},
  doi     = {10.1016/j.im.2016.07.004}
}
% 11
@Article{gagliardelli:2023,
  title   = {{D}{X}{P}: {B}illing {D}ata {P}reparation for {B}ig {D}ata {A}nalytics},
  author  = {Gagliardelli, Luca and Beneventano, Domenico and Esposito, Marco and Zecchini, Luca and Simonini, Giovanni and Bergamaschi, Sonia and Miselli, Fabio and Miano, Giuseppe Calogero},
  journal = {CoRR},
  volume  = {abs/2312.12902},
  year    = {2023}
}
% 12
@Article{vangibhurathachhi:2025,
  title   = {{A}{I}-{D}riven {D}ata {P}ipelines in {C}loud {E}nvironments},
  author  = {Vangibhurathachhi, Srinivasa Kalyan},
  journal = {International Journal of Innovative Research in Engineering \& Multidisciplinary Physical Sciences},
  year    = {2025},
  volume  = {13},
  number  = {2},
  month   = {April},
  doi     = {10.13140/RG.2.2.32987.48168}
}
%13
@InProceedings{arpteg:2018,
  title     = {{S}oftware {E}ngineering {C}hallenges of {D}eep {L}earning},
  author    = {Arpteg, Anders and Brinne, Bj{\"o}rn and Crnkovi{\'c}-Friis, Luka and Bosch, Jan},
  booktitle = {2018 44th Euromicro Conference on Software Engineering and Advanced Applications (SEAA)},
  publisher = {IEEE},
  year      = {2018},
  doi       = {10.1109/SEAA.2018.00018}
}

%14
@Article{giray:2021,
  title   = {{A} {S}oftware {E}ngineering {P}erspective on {E}ngineering {M}achine {L}earning {S}ystems: {S}tate of the {A}rt and {C}hallenges},
  author  = {Giray, G{\"o}rkem},
  journal = {Journal of Systems and Software},
  year    = {2021},
  volume  = {180},
  doi     = {10.1016/j.jss.2021.111031}
}

%15
@Article{steidl:2023,
  title   = {{T}he {P}ipeline for the {C}ontinuous {D}evelopment of {A}rtificial {I}ntelligence {M}odels — {C}urrent {S}tate of {R}esearch and {P}ractice},
  author  = {Steidl, Monika and Felderer, Michael and Ramler, Rudolf},
  journal = {Journal of Systems and Software},
  year    = {2023},
  volume  = {199},
  doi     = {10.1016/j.jss.2023.111615}
}
%16
@InProceedings{vassiliadis:2009,
  title     = {{A} {T}axonomy of {E}{T}{L} {A}ctivities},
  author    = {Vassiliadis, Panos and Simitsis, Alkis and Baikousi, Eftychia},
  booktitle = {Proceedings of the ACM 12th International Workshop on Data Warehousing and OLAP (DOLAP '09)},
  publisher = {ACM},
  year      = {2009},
  doi       = {10.1145/1651291.1651297}
}
%17
@InProceedings{bouaziz:2017,
  title     = {{F}rom {T}raditional {D}ata {W}arehouse {T}o {R}eal {T}ime {D}ata {W}arehouse},
  author    = {Bouaziz, Senda and Nabli, Ahlem and Gargouri, Faiez},
  booktitle = {Intelligent Systems Design and Applications (ISDA 2016)},
  editor    = {Madureira, Ana Maria and Abraham, Ajith and Gamboa, Dorabela and Novais, Paulo},
  series    = {Advances in Intelligent Systems and Computing},
  volume    = {557},
  publisher = {Springer},
  year      = {2017},
  doi       = {10.1007/978-3-319-53480-0_46}
}
%18
@InProceedings{sajida:2015,
  title     = {{A} {S}tudy of {E}xtract-{T}ransform-{L}oad ({E}{T}{L}) {P}rocesses},
  author    = {Sajida, S. and Ramakrishna, S.},
  booktitle = {NCACI-2015 Conference Proceedings},
  series    = {International Journal of Engineering Research \& Technology (IJERT)},
  volume    = {3},
  number    = {18},
  year      = {2015},
  note      = {Special Issue}
}
%19
@Book{kimball:2004,
  title     = {{T}he {D}ata {W}arehouse {E}{T}{L} {T}oolkit: {P}ractical {T}echniques for {E}xtracting, {C}leaning, {C}onforming, and {D}elivering {D}ata},
  author    = {Kimball, Ralph and Caserta, Joe},
  publisher = {Wiley},
  year      = {2004},
  isbn      = {978-0-7645-6757-5}
}
%20
@Article{seenivasan:2023,
  title   = {{E}{T}{L} (Extract, Transform, Load) {B}est {P}ractices},
  author  = {Seenivasan, Dhamotharan},
  journal = {International Journal of Computer Trends and Technology},
  year    = {2023},
  volume  = {71},
  number  = {1},
  doi     = {10.14445/22312803/IJCTT-V71I1P106}
}

%21
@Article{lakkarasu:2023,
  title   = {{D}esigning {C}loud-{N}ative {A}{I} {I}nfrastructure: {A} {F}ramework for {H}igh-{P}erformance, {F}ault-{T}olerant, and {C}ompliant {M}achine {L}earning {P}ipelines},
  author  = {Lakkarasu, Phanish},
  journal = {Journal for ReAttach Therapy and Developmental Diversities},
  year    = {2023},
  volume  = {6},
  number  = {10s(2)},
  doi     = {10.53555/jrtdd.v6i10s(2).3566}
}
%22
@Article{kramer:2025,
  title   = {{T}owards {N}ext {G}eneration {D}ata {E}ngineering {P}ipelines},
  author  = {Kramer, Kevin M. and Restat, Valerie and Strasser, Sebastian and St{\"o}rl, Uta and Klettke, Meike},
  journal = {CoRR},
  volume  = {abs/2507.13892},
  year    = {2025}
}
%23
@Misc{databricks:2022,
  title      = {{M}achine {L}earning {M}odels},
  author     = {{Databricks}},
  howpublished = {Databricks Glossary},
  year       = {2022},
  url        = {https://www.databricks.com/glossary/machine-learning-models},
  urldate    = {2025-09-25}
}
%24
@Article{khoei:2023,
  title          = {{M}achine {L}earning: {M}odels, {C}hallenges, and {R}esearch {D}irections},
  author         = {Talaei Khoei, Tala and Kaabouch, Naima},
  journal        = {Future Internet},
  year           = {2023},
  month          = {October},
  volume         = {15},
  number         = {10},
  article-number = {332},
  doi            = {10.3390/fi15100332},
  note           = {Open Access: CC BY 4.0}
}
%25
@Article{zhou:2021,
  title          = {{E}valuating the {Q}uality of {M}achine {L}earning {E}xplanations: {A} {S}urvey on {M}ethods and {M}etrics},
  author         = {Zhou, Jianlong and Gandomi, Amir H. and Chen, Fang and Holzinger, Andreas},
  journal        = {Electronics},
  year           = {2021},
  volume         = {10},
  number         = {5},
  article-number = {593},
  doi            = {10.3390/electronics10050593}
}
%26
@Article{wu:2022,
  title   = {{A} {S}urvey of {H}uman-in-the-{L}oop for {M}achine {L}earning},
  author  = {Wu, Xingjiao and Xiao, Luwei and Sun, Yixuan and Zhang, Junhang and Ma, Tianlong and He, Liang},
  journal = {Future Generation Computer Systems},
  year    = {2022},
  volume  = {135},
  doi     = {10.1016/j.future.2022.05.014}
}
%27
@InProceedings{talaeikhoei:2023,
  title     = {{A} {C}apsule {Q}-{L}earning {B}ased {R}einforcement {M}odel for {I}ntrusion {D}etection {S}ystem on {S}mart {G}rid},
  author    = {Talaei Khoei, Tala and Kaabouch, Naima},
  booktitle = {2023 IEEE International Conference on Electro Information Technology (eIT)},
  publisher = {IEEE},
  year      = {2023},
  doi       = {10.1109/eIT57321.2023.10187374}
}
%28
@InProceedings{vaswani:2017,
  title     = {{A}ttention {I}s {A}ll {Y}ou {N}eed},
  author    = {Vaswani, Ashish and Shazeer, Noam and Parmar, Niki and Uszkoreit, Jakob and Jones, Llion and Gomez, Aidan N. and Kaiser, {\L}ukasz and Polosukhin, Illia},
  booktitle = {Advances in Neural Information Processing Systems 30 (NeurIPS 2017)},
  publisher = {Curran Associates, Inc.},
  year      = {2017}
}
%29
@Article{kostina:2025,
  title          = {{L}arge {L}anguage {M}odels {F}or {T}ext {C}lassification: {C}ase {S}tudy {A}nd {C}omprehensive {R}eview},
  author         = {Kostina, Arina and Dikaiakos, Marios D. and Stefanidis, Dimosthenis and Pallis, George},
  journal        = {arXiv preprint},
  year           = {2025},
  eprint         = {2501.08457},
  archivePrefix  = {arXiv},
  primaryClass   = {cs.CL}
}
%30
@Article{sarker:2021,
  title          = {{M}achine {L}earning: {A}lgorithms, {R}eal-{W}orld {A}pplications and {R}esearch {D}irections},
  author         = {Sarker, Iqbal H.},
  journal        = {SN Computer Science},
  year           = {2021},
  month          = {March},
  volume         = {2},
  article-number = {160},
  doi            = {10.1007/s42979-021-00592-x}
}
%31
@Book{han:2011,
  title     = {{D}ata {M}ining: {C}oncepts and {T}echniques},
  author    = {Han, Jiawei and Kamber, Micheline and Pei, Jian},
  publisher = {Morgan Kaufmann},
  year      = {2011},
  edition   = {3rd},
  series    = {The Morgan Kaufmann Series in Data Management Systems},
  isbn      = {978-0-12-381479-1}
}
%32
@Article{otter:2021,
  title    = {{A} {S}urvey of the {U}sages of {D}eep {L}earning for {N}atural {L}anguage {P}rocessing},
  author   = {Otter, Daniel W. and Medina, Julian R. and Kalita, Jugal K.},
  journal  = {IEEE Transactions on Neural Networks and Learning Systems},
  year     = {2021},
  volume   = {32},
  number   = {2},
  month    = {February},
  doi      = {10.1109/TNNLS.2020.2979670},
  keywords = {deep learning, natural language processing, neural networks, computational linguistics, machine learning}
}
%33
@Article{ravi:2015,
  title   = {{A} {S}urvey on {O}pinion {M}ining and {S}entiment {A}nalysis: {T}asks, {A}pproaches and {A}pplications},
  author  = {Ravi, Kumar and Ravi, Vadlamani},
  journal = {Knowledge-Based Systems},
  year    = {2015},
  volume  = {89},
  doi     = {10.1016/j.knosys.2015.06.015}
}

%34
@Article{duda:2024,
  title   = {{T}he {I}mpact of {R}esource {A}llocation on the {M}achine {L}earning {L}ifecycle},
  author  = {Duda, Sebastian and Hofmann, Peter and Urbach, Nils and V{\"o}lter, Fabiane and Zwickel, Amelie},
  journal = {Business \& Information Systems Engineering},
  year    = {2024},
  volume  = {66},
  number  = {2},
  doi     = {10.1007/s12599-023-00842-7}
}
%35
@Article{shivashankar:2025,
  title          = {{S}calability and {M}aintainability {C}hallenges and {S}olutions in {M}achine {L}earning: {S}ystematic {L}iterature {R}eview},
  author         = {Shivashankar, Karthik and Al Hajj, Ghadi S. and Martini, Antonio},
  journal        = {arXiv preprint},
  year           = {2025},
  month          = {April},
  doi            = {10.48550/arXiv.2504.11079},
  eprint         = {2504.11079},
  archivePrefix  = {arXiv},
  primaryClass   = {cs.SE},
  note           = {Open Access: CC BY 4.0}
}


%37
@Article{foidl:2024,
  title   = {{D}ata {P}ipeline {Q}uality: {I}nfluencing {F}actors, {R}oot {C}auses of {D}ata-related {I}ssues, and {P}rocessing {P}roblem {A}reas for {D}evelopers},
  author  = {Foidl, Harald and Golendukhina, Valentina and Ramler, Rudolf and Felderer, Michael},
  journal = {Journal of Systems and Software},
  year    = {2024},
  volume  = {207},
  doi     = {10.1016/j.jss.2023.111855}
}
%38
@Article{eken:2025,
  title     = {{A} {M}ultivocal {R}eview of {M}{L}{O}ps {P}ractices, {C}hallenges and {O}pen {I}ssues},
  author    = {Eken, Beyza and Pallewatta, Samodha and Tran, Nguyen Khoi and Tosun, Ayse and Babar, Muhammad Ali},
  journal   = {ACM Computing Surveys},
  year      = {2025},
  volume    = {58},
  number    = {2},
  articleno = {39},
  doi       = {10.1145/3747346}
}

%40
@Article{idowu:2024,
  title     = {{M}achine {L}earning {E}xperiment {M}anagement {T}ools: {A} {M}ixed-{M}ethods {E}mpirical {S}tudy},
  author    = {Idowu, Samuel and Osman, Osman and Str{\"u}ber, Daniel and Berger, Thorsten},
  journal   = {Empirical Software Engineering},
  year      = {2024},
  volume    = {29},
  number    = {4},
  articleno = {74},
  doi       = {10.1007/s10664-024-10444-w}
}
%41
@Article{cossu:2024,
  title   = {{D}rifting {E}xplanations in {C}ontinual {L}earning},
  author  = {Cossu, Andrea and Spinnato, Francesco and Guidotti, Riccardo and Bacciu, Davide},
  journal = {Neurocomputing},
  year    = {2024},
  volume  = {597},
  issn    = {0925-2312},
  doi     = {10.1016/j.neucom.2024.127960}
}
%42
@Article{mandala:2019,
author  = {Nishanth Reddy Mandala},
title   = {The evolution of {ETL} architecture: From traditional data warehousing to real-time data integration},
journal = {World Journal of Advanced Research and Reviews},
year    = {2019},
month   = mar,
volume  = {1},
number  = {3},
doi     = {10.30574/wjarr.2019.1.3.0033}
}
%43
@Article{gjcs:2023,
author  = {Unknown},
title   = {A {D}ata {W}arehouse {A}rchitecture {P}roposal and {ETL} {A}nalysis, {C}ase study of an {A}lbanian {B}anking {S}ystem},
journal = {Global Journal of Computer Sciences Theory and Research},
year    = {2023},
month   = nov,
volume  = {13},
number  = {2},
doi     = {10.18844/gjcs.v13i2.9191},
note    = {License: CC BY 4.0}
}
%44
@TechReport{koivisto:2019,
author = {Teemu Koivisto},
title = {{E}fficient {D}ata {A}nalysis {P}ipelines},
institution = {University of Helsinki, Department of Computer Science},
address = {Helsinki, Finland},
year = {2019},
note = {Contact: teemu.koivisto@helsinki.fi}
}
%45
@Article{bilal:2022,
  author  = {Mehwish Bilal and Ali Ghulam and Muhammad Waseem Iqbal and Muhammad Anwar},
  title   = {{A}uto-{P}rep: {E}fficient and {R}obust {A}utomated {D}ata {P}reprocessing {P}ipeline},
  journal = {IEEE Access},
  year    = {2022},
  month   = jan,
  volume  = {PP},
  number  = {99},
  doi     = {10.1109/ACCESS.2022.3198662},
  note    = {License: CC BY 4.0; Affiliations: University of Okara; Superior University}
}
%46
@InCollection{burgos:2022,
  author    = {Diego Burgos and Pavlos Kranas and Ricardo Jimenez-Peris and Juan Mah{\'\i}llo},
  title     = {{A}rchitectural {P}atterns for {D}ata {P}ipelines in {D}igital {F}inance and {I}nsurance {A}pplications},
  booktitle = {Big Data and Artificial Intelligence in Digital Finance: Increasing Personalization and Trust in Digital Finance using Big Data and AI},
  year      = {2022},
  month     = apr,
  publisher = {Springer},
  doi       = {10.1007/978-3-030-94590-9_3},
  note      = {License: CC BY 4.0}
}
%47
@Article{kamat:2022,
  author  = {Ramadas K. Kamat and G. S. Mamatha},
  title   = {Study on {C}hange {D}ata {C}apture {T}echniques for {I}ncremental {L}oading in {D}ata {W}arehouse},
  journal = {International Journal of Advanced Research in Computer and Communication Engineering},
  year    = {2022},
  month   = jul,
  volume  = {11},
  number  = {7},
  doi     = {10.17148/IJARCCE.2022.11748},
  note    = {License: CC BY 4.0; Affiliations: RV College of Engineering, Bengaluru, India}
}
%48
@Misc{sun:2023,
  author       = {Haozhe Sun and Isabelle Guyon},
  title        = {{M}odularity in {D}eep {L}earning: {A} {S}urvey},
  year         = {2023},
  month        = oct,
  howpublished = {arXiv preprint},
  note         = {Submitted on 2 Oct 2023; Affiliations: LISN, TAU, Inria}
}
%50
@Article{mohna:2022,
  author  = {Hosne Ara Mohna and Tonmoy Barua and Mohammad Mohiuddin and Md Mostafizur Rahman},
  title   = {{AI}-{R}eady {D}ata {E}ngineering {P}ipelines: {A} {R}eview of {M}edallion {A}rchitecture and {C}loud-{B}ased {I}ntegration {M}odels},
  journal = {American Journal of Scholarly Research and Innovation},
  year    = {2022},
  month   = mar,
  volume  = {01},
  number  = {01},
  doi     = {10.63125/51kxtf08},
  note    = {Affiliations: Lamar University}
}
%51
@Misc{gujjala:2024,
  author = {Praveen Kumar Reddy Gujjala},
  title  = {{O}ptimizing {ETL} {P}ipelines with {D}elta {L}ake and {M}edallion {A}rchitecture: {A} {S}calable {A}pproach for {L}arge-{S}cale {D}ata},
  year   = {2024},
  note   = {Year/venue not specified}
}

%52
@Misc{nieto:2019,
  author       = {Juan Enrique Nieto Juli{\'a}n and Juan Jos{\'e} Moyano Campos and {\'A}lvaro Garc{\'\i}a},
  title        = {{C}onstruction study of the {P}alace of the {C}hildren of {D}on {G}ome (And{\'u}jar, Ja{\'e}n), managed through the {HBIM} project},
  year         = {2019},
  month        = jan,
  howpublished = {Case study},
  note         = {Submitted: 2018-07-26; Accepted: 2018-09-24; Published: 2019-01-02}
}
%53
@InProceedings{garagnani:2013,
  author    = {Simone Garagnani},
  title     = {{B}uilding {I}nformation {M}odeling and real world knowledge: {A} methodological approach to accurate semantic documentation for the built environment},
  booktitle = {Digital Heritage 2013},
  year      = {2013},
  month     = nov,
  doi       = {10.1109/DigitalHeritage.2013.6743788},
  note      = {Affiliation: University of Urbino, Location: Marseille}
}

%54
@Article{allam:2024,
  author  = {Hesham Allam and Lisa Makubvure and Benjamin Kwasi Gyamfi and Graham Kwadwo},
  title   = {{T}ext {C}lassification: {H}ow {M}achine {L}earning is {R}evolutionizing {T}ext {C}ategorization},
  journal = {Preprints},
  year    = {2024},
  month   = dec,
  doi     = {10.20944/preprints202412.1304.v1},
  note    = {License: CC BY 4.0; Affiliations (as provided): Ball State University}
}
%55
@Article{wang:2023,
  author  = {Mengnan Wang},
  title   = {Research on {T}ext {C}lassification {M}ethod {B}ased on {NLP}},
  journal = {ACSS},
  year    = {2023},
  volume  = {7},
  number  = {2},
  doi     = {10.23977/acss.2023.070213},
  note    = {ISSN: 2371-8838; Affiliation: The University of Queensland, Brisbane St Lucia, 4072, QLD}
}
%56
@Article{daud:2023,
  author  = {Shahzada Daud and Muti Ullah and Amjad Rehman and Tanzila Saba},
  title   = {{T}opic {C}lassification of {O}nline {N}ews {A}rticles {U}sing {O}ptimized {M}achine {L}earning {M}odels},
  journal = {Computers},
  year    = {2023},
  month   = jan,
  volume  = {12},
  number  = {1},
  doi     = {10.3390/computers12010016},
  note    = {License: CC BY 4.0; Publisher: MDPI; Affiliations: Prince Sultan University (Rehman, Saba)}
}

%57
@Article{ahmed:2021,
  author  = {Jeelani Ahmed and Muqeem Ahmed},
  title   = {Online {N}ews {C}lassification {U}sing {M}achine {L}earning {T}echniques},
  journal = {IIUM Engineering Journal},
  year    = {2021},
  month   = jul,
  volume  = {22},
  number  = {2},
  doi     = {10.31436/iiumej.v22i2.1662},
  note    = {License: CC BY-NC 4.0; Affiliations: Maulana Azad National Urdu University; MANUU (Central University), Hyderabad, Telangana, India}
}
%58
@Misc{das:2023,
  author       = {Mamata Das and Selvakumar Kamalanathan and P. J. A. Alphonse},
  title        = {{A} {C}omparative {S}tudy on {TF}-{IDF} {F}eature {W}eighting {M}ethod and its {A}nalysis using {U}nstructured {D}ataset},
  year         = {2023},
  month        = aug,
  howpublished = {arXiv:2308.04037},
  doi          = {10.48550/arXiv.2308.04037},
  note         = {License: CC BY 4.0; Affiliation: National Institute of Technology Tiruchirappalli}
}
%59
@Article{ilemobayo:2024,
  author  = {Justus Akinlolu Ilemobayo and Olamide Isaac Durodola and Oreoluwa Alade and Opeyemi J. Awotunde},
  title   = {{H}yperparameter {T}uning in {M}achine {L}earning: {A} {C}omprehensive {R}eview},
  journal = {Journal of Engineering Research and Reports},
  year    = {2024},
  month   = jun,
  volume  = {26},
  number  = {6},
  doi     = {10.9734/jerr/2024/v26i61188},
  note    = {Affiliations: Auburn University; North Dakota State University}
}
%60
@Misc{olston:2017,
  author       = {Christopher Olston and Noah Fiedel and Kiril Gorovoy and Jeremiah Harmsen and Li Lao and Fangwei Li and Vinu Rajashekhar and Sukriti Ramesh and Jordan Soyke},
  title        = {{T}ensor{F}low-{S}erving: {F}lexible, {H}igh-{P}erformance {ML} {S}erving},
  year         = {2017},
  month        = dec,
  howpublished = {arXiv preprint},
  note         = {Submitted 17 Dec 2017; revised 27 Dec 2017 (v2)}
}

%62
@Article{li:2018,
  author  = {Zhizhong Li and Derek Hoiem},
  title   = {Learning without {F}orgetting},
  journal = {IEEE Transactions on Pattern Analysis and Machine Intelligence},
  year    = {2018},
  month   = dec,
  volume  = {40},
  number  = {12},
  doi     = {10.1109/TPAMI.2017.2773081},
}
%63

@InProceedings{chrysakis:2020,
  author    = {Aristotelis Chrysakis and Marie-Francine Moens},
  title     = {Online {C}ontinual {L}earning from {I}mbalanced {D}ata},
  booktitle = {Proceedings of the 37th International Conference on Machine Learning (ICML)},
  year      = {2020},
  series    = {Proceedings of Machine Learning Research},
  volume    = {119},
  publisher = {PMLR}
}
%64
@Misc{bazhenov:2024,
  author       = {Anthony Bazhenov and Pahan Dewasurendra and Giri P. Krishnan and Jean Erik Delanois},
  title        = {{U}nsupervised {R}eplay {S}trategies for {C}ontinual {L}earning with {L}imited {D}ata},
  year         = {2024},
  month        = oct,
  howpublished = {arXiv preprint},
  note         = {Submitted on 21 Oct 2024}
}